@Misc{marvelmind-url,
    author    = "",
    title     = "Marvelmind robotics - site web",
    howpublished       = "\url{https://marvelmind.com}"
}

@Misc{pololu-url,
    author  = "",
    title   = "Pololu Zumo 32U4 - Catalog",
    howpublished="\url{https://www.pololu.com/category/129/zumo-robots-and-accessories}"
}

@Misc{pololu2-url,
    author  = "",
    title   = "Pololu Zumo 32U4 - Robot",
    howpublished="\url{https://www.pololu.com/product/3125/resources}"
}

@Misc{UART-wikipedia-url,
    author  = "",
    title   = "UART - Wikipedia",
    howpublished="\url{https://fr.wikipedia.org/wiki/UART}"
}

@Misc{Differential-drive-wikipedia-url,
    author  = "",
    title   = "Differential wheeled robot",
    howpublished="\url{https://en.wikipedia.org/wiki/Differential_wheeled_robot}"
}